@misc{swagger, title={OpenAPI Specification}, url={https://swagger.io/specification/}, journal={Swagger}} 

 @misc{cs1, title={CS 410/510 - Software Engineering  System Modeling}, url={https://cs.ccsu.edu/~stan/classes/CS410/Notes16/05-SystemModeling.html}, journal={CS 410/510 - Software Engineering class notes}} 
 
 @article{DBLP:journals/sosym/GraicsMVMV20,
 	author    = {Bence Graics and
 	Vince Moln{\'{a}}r and
 	Andr{\'{a}}s V{\"{o}}r{\"{o}}s and
 	Istv{\'{a}}n Majzik and
 	D{\'{a}}niel Varr{\'{o}}},
 	title     = {Mixed-semantics composition of statecharts for the component-based
 	design of reactive systems},
 	journal   = {Softw. Syst. Model.},
 	volume    = {19},
 	number    = {6},
 	pages     = {1483--1517},
 	year      = {2020},
 	url       = {https://doi.org/10.1007/s10270-020-00806-5},
 	doi       = {10.1007/s10270-020-00806-5},
 	timestamp = {Mon, 26 Oct 2020 08:48:58 +0100},
 	biburl    = {https://dblp.org/rec/journals/sosym/GraicsMVMV20.bib},
 	bibsource = {dblp computer science bibliography, https://dblp.org}
 }

@inproceedings{DBLP:conf/icse/MolnarGVMV18,
	author    = {Vince Moln{\'{a}}r and
	Bence Graics and
	Andr{\'{a}}s V{\"{o}}r{\"{o}}s and
	Istv{\'{a}}n Majzik and
	D{\'{a}}niel Varr{\'{o}}},
	editor    = {Michel Chaudron and
	Ivica Crnkovic and
	Marsha Chechik and
	Mark Harman},
	title     = {The Gamma statechart composition framework: : design, verification
	and code generation for component-based reactive systems},
	booktitle = {Proceedings of the 40th International Conference on Software Engineering:
	Companion Proceeedings, {ICSE} 2018, Gothenburg, Sweden, May 27 -
	June 03, 2018},
	pages     = {113--116},
	publisher = {{ACM}},
	year      = {2018},
	url       = {https://doi.org/10.1145/3183440.3183489},
	doi       = {10.1145/3183440.3183489},
	timestamp = {Sun, 25 Oct 2020 22:57:43 +0100},
	biburl    = {https://dblp.org/rec/conf/icse/MolnarGVMV18.bib},
	bibsource = {dblp computer science bibliography, https://dblp.org}
}

@misc{top10, title={What are the Advantages of Cloud Computing? 10 Reasons to Move to the Cloud}, url={https://www.salesforce.com/uk/blog/2015/11/why-move-to-the-cloud-10-benefits-of-cloud-computing.html}, journal={Salesforce UK Blog}} 
 
@misc{ibm, title={Benefits of cloud computing}, url={https://www.ibm.com/cloud/learn/benefits-of-cloud-computing}, journal={IBM}} 
  
@misc{tutorialspoint, title={Why Web Services?}, url={https://www.tutorialspoint.com/webservices/why_web_services.htm}, journal={Tutorialspoint}} 

@misc{alliance, title={What is OSGi?}, url={https://www.osgi.org/developer/what-is-osgi/}, journal={OSGi Alliance}} 

 @misc{committers, title={Equinox: The Eclipse Foundation}, url={https://www.eclipse.org/equinox/}, journal={Enabling Open Innovation &amp; Collaboration}, author={Committers, Equinox}} 
 
@misc{product, title={Get more...}, url={https://www.vogella.com/tutorials/EclipseProductDeployment/article.html}, journal={vogella.com}, author={Lars Vogel(c) 2007 - 2020 vogella GmbH}} 
  
@misc{plugin, title={Get more...}, url={https://www.vogella.com/tutorials/EclipsePlugin/article.html}, journal={vogella.com}, author={Lars Vogel (c) 2009 - 2020 vogella GmbH}} 
   
@misc{kep_rest, title={Mastering REST Architecture - REST Architecture Details}, url={https://medium.com/@ahmetozlu93/mastering-rest-architecture-rest-architecture-details-e47ec659f6bc}, journal={Medium}, publisher={Medium}, author={ÖZLÜ, Ahmet}, year={2019}, month={Jan}} 
    
@misc{rest_history, title={API Design, Part 1: Before There Was REST}, url={https://chelseatroy.com/2018/08/01/api-design-part-1-before-there-was-rest/}, journal={Chelsea Troy}, author={Chelsea}, year={2019}, month={May}} 

 @misc{rest_1, title={REST}, url={https://restfulapi.net/}, journal={REST API Tutorial}} 
 
  @misc{rest_2, title={What is REST - A Simple Explanation for Beginners, Part 2: REST Constraints}, url={https://medium.com/extend/what-is-rest-a-simple-explanation-for-beginners-part-2-rest-constraints-129a4b69a582}, journal={Medium}, publisher={Extend}, author={Avraham, Shif Ben}, year={2017}, month={Sep}} 
  
   @misc{rest_3, title={What is REST?}, url={https://www.codecademy.com/articles/what-is-rest}, journal={Codecademy}} 
   
 @misc{swagger.io, title={What Is the Difference Between Swagger and OpenAPI?}, url={https://swagger.io/blog/api-strategy/difference-between-swagger-and-openapi/}, journal={Swagger.io}}   
  
@misc{vertx, title={Eclipse Vert.x}, url={https://vertx.io/}, journal={Brand}} 